@inproceedings{inproceedings,
author = {Mirchevska, Branka and Pek, Christian and Werling, Moritz and Althoff, Matthias and Boedecker, Joschka},
year = {2018},
title = {High-level Decision Making for Safe and Reasonable Autonomous Lane Changing using Reinforcement Learning},
doi = {10.1109/ITSC.2018.8569448}
}

@article{JMLR:v16:garcia15a,
  author  = {Javier Garc{{\'i}}a and Fernando Fern{{\'a}}ndez},
  title   = {A Comprehensive Survey on Safe Reinforcement Learning},
  journal = {Journal of Machine Learning Research},
  year    = {2015},
  url     = {http://jmlr.org/papers/v16/garcia15a.html}
}

@article{DBLP:journals/corr/abs-1801-08757,
  author    = {Gal Dalal and
               Krishnamurthy Dvijotham and
               Matej Vecerik and
               Todd Hester and
               Cosmin Paduraru and
               Yuval Tassa},
  title     = {Safe Exploration in Continuous Action Spaces},
  year      = {2018},
  url       = {http://arxiv.org/abs/1801.08757}
}

@inproceedings{Leurent2018ApproximateRC,
  title={Approximate Robust Control of Uncertain Dynamical Systems},
  author={Edouard Leurent and Yann Blanco and Denis Efimov and Odalric-Ambrym Maillard},
  year={2018}
}

@article{DBLP:journals/corr/abs-1805-11074,
  author    = {Chen Tessler and
               Daniel J. Mankowitz and
               Shie Mannor},
  title     = {Reward Constrained Policy Optimization},
  volume    = {abs/1805.11074},
  year      = {2018},
  url       = {http://arxiv.org/abs/1805.11074},
}

@misc{
bohez2019success,
title={Success at any cost: value constrained model-free continuous control},
author={Steven Bohez and Abbas Abdolmaleki and Michael Neunert and Jonas Buchli and Nicolas Heess and Raia Hadsell},
year={2019},
url={https://openreview.net/forum?id=rJlJ-2CqtX},
}

@article{DBLP:journals/corr/AchiamHTA17,
  author    = {Joshua Achiam and
               David Held and
               Aviv Tamar and
               Pieter Abbeel},
  title     = {Constrained Policy Optimization},
  year      = {2017},
  url       = {http://arxiv.org/abs/1705.10528},
}

@article{silver2017mastering,
  author = {Silver, David and Schrittwieser, Julian and Simonyan, Karen and Antonoglou, Ioannis and Huang, Aja and Guez, Arthur and Hubert, Thomas and Baker, Lucas and Lai, Matthew and Bolton, Adrian and Chen, Yutian and Lillicrap, Timothy and Hui, Fan and Sifre, Laurent and van den Driessche, George and Graepel, Thore and Hassabis, Demis},
  description = {Mastering the game of Go without human knowledge | Nature},
  journal = {Nature},
  title = {Mastering the game of Go without human knowledge},
  url = {http://dx.doi.org/10.1038/nature24270},
  year = 2017
}

@InProceedings{Bouton2018uai,
author = {Maxime Bouton and Jesper Karlsson and Alireza Nakhaei and Kikuo Fujimura and Mykel J. Kochenderfer and Jana Tumova},
title = {Reinforcement learning with probabilistic guarantees for autonomous driving},
booktitle = {Workshop on Safety Risk and Uncertainty in Reinforcement Learning, Conference on Uncertainty in Aritifical Intelligence (UAI)},
year = {2018},
url = {https://drive.google.com/open?id=1d2tl4f6GQgH1SERveTmPAR42bMVwHZAZ}
}
